<record><leader>00000cas a2200000 a 4500</leader><controlfield tag="001">15465527</controlfield><controlfield tag="008">870331d18821894inuwr ne      0    0eng c</controlfield><datafield ind1=" " ind2=" " tag="010"><subfield code="a">sn 87055835 </subfield></datafield><datafield ind1=" " ind2=" " tag="040"><subfield code="a">NPI</subfield><subfield code="b">eng</subfield><subfield code="c">NPI</subfield><subfield code="d">CUI</subfield><subfield code="d">OCLCQ</subfield><subfield code="d">OCLCF</subfield></datafield><datafield ind1=" " ind2=" " tag="042"><subfield code="a">pcc</subfield></datafield><datafield ind1=" " ind2=" " tag="043"><subfield code="a">n-us-in</subfield></datafield><datafield ind1=" " ind2="4" tag="050"><subfield code="a">AN</subfield></datafield><datafield ind1="0" ind2="0" tag="245"><subfield code="a">Indianian-Republican.</subfield></datafield><datafield ind1=" " ind2=" " tag="260"><subfield code="a">Warsaw, Ind. :</subfield><subfield code="b">[Williams &amp; Hossler],</subfield><subfield code="c">1882-1894.</subfield></datafield><datafield ind1=" " ind2=" " tag="310"><subfield code="a">Weekly</subfield></datafield><datafield ind1="0" ind2=" " tag="362"><subfield code="a">Vol. 27, no. 37 (Sept. 7, 1882)-v. 35, no. 51 (Dec. 11, 1890) ; v. 35 (Dec. 18, 1890)-v. 39 (Dec. 27, 1894).</subfield></datafield><datafield ind1=" " ind2=" " tag="500"><subfield code="a">Publisher from Sept. 14, 1882 issue.</subfield></datafield><datafield ind1=" " ind2="0" tag="651"><subfield code="a">Warsaw (Ind.)</subfield><subfield code="v">Newspapers.</subfield></datafield><datafield ind1=" " ind2="0" tag="651"><subfield code="a">Kosciusko County (Ind.)</subfield><subfield code="v">Newspapers.</subfield></datafield><datafield ind1=" " ind2="7" tag="655"><subfield code="a">Newspapers.</subfield><subfield code="2">fast</subfield><subfield code="0">(OCoLC)fst01423814</subfield></datafield><datafield ind1=" " ind2="7" tag="651"><subfield code="a">Indiana</subfield><subfield code="z">Kosciusko County.</subfield><subfield code="2">fast</subfield><subfield code="0">(OCoLC)fst01204084</subfield></datafield><datafield ind1=" " ind2="7" tag="651"><subfield code="a">Indiana</subfield><subfield code="z">Warsaw.</subfield><subfield code="2">fast</subfield><subfield code="0">(OCoLC)fst01215661</subfield></datafield><datafield ind1=" " ind2=" " tag="752"><subfield code="a">United States</subfield><subfield code="b">Indiana</subfield><subfield code="c">Kosciusko</subfield><subfield code="d">Warsaw.</subfield></datafield><datafield ind1="0" ind2="4" tag="780"><subfield code="t">Northern Indianian (Warsaw, Ind. : 1876)</subfield><subfield code="w">(DLC)sn 84038247</subfield><subfield code="w">(OCoLC)11266373</subfield></datafield><datafield ind1="0" ind2="4" tag="780"><subfield code="t">Warsaw weekly Republican</subfield><subfield code="w">(DLC)sn 87055838</subfield><subfield code="w">(OCoLC)15466760</subfield></datafield><datafield ind1="0" ind2="0" tag="785"><subfield code="t">Northern Indianian (Warsaw, Ind. : 1895)</subfield><subfield code="w">(DLC)sn 87055837</subfield><subfield code="w">(OCoLC)15471400</subfield></datafield></record>